
@book{morettin_estatistica_2017,
	address = {São Paulo},
	edition = {9},
	title = {Estatística básica},
	isbn = {978-85-472-2022-8},
	abstract = {Livro mais vendido da área, a 9ª edição de Estatística Básica confirma seu grande sucesso com um extenso trabalho de revisão, atualização e ampliação, que contou com sugestões de professores e leitores enriquecendo ainda mais o conteúdo por meio de discussões sobre roteiros apropriados para cursos de diferentes níveis. O livro é dividido em três partes. A primeira trata da análise de dados unidimensionais e bidimensionais, com atenção especial para métodos gráficos. A segunda parte traz os conceitos básicos de probabilidades e variáveis aleatórias. Por fim, a terceira parte estuda os tópicos principais da inferência estatística, além de alguns temas especiais, como regressão linear simples. Completo e didático, Estatística Básica é o livro mais adequado para alunos e profissionais de diversas áreas do conhecimento e se destaca por ser a única obra com uma seção em todos os capítulos que ensina a aplicar a teoria por meio dos pacotes computacionais Minitab®, Excel®, Splus® e o pacote do Repositório livre R®. No final do livro, os autores apresentam vários conjuntos de dados que poderão ser utilizados pelos leitores e que estão disponíveis no site www.editorasaraiva.com.br.},
	language = {Português},
	publisher = {Saraiva},
	author = {Morettin, Pedro A. and Bussab, Wilton de O.},
	month = jul,
	year = {2017}
}
